```bibtex
@misc{owid_covid_cases_2020,
  author = {Ritchie, Hannah and Mathieu, Edouard and Rodés-Guirao, Lucas and Appel, Cameron and Giattino, Charlie and Ortiz-Ospina, Esteban and Hasell, Joe and Macdonald, Bobbie and Beltekian, Diana and Roser, Max},
  title = {COVID-19 confirmed cases},
  year = {2020},
  publisher = {Our World in Data},
  howpublished = {\url{https://ourworldindata.org/covid-cases}},
  note = {Retrieved May 29, 2025}
}

@misc{owid_covid_deaths_2020,
  author = {Ritchie, Hannah and Mathieu, Edouard and Rodés-Guirao, Lucas and Appel, Cameron and Giattino, Charlie and Ortiz-Ospina, Esteban and Hasell, Joe and Macdonald, Bobbie and Beltekian, Diana and Roser, Max},
  title = {COVID-19 deaths},
  year = {2020},
  publisher = {Our World in Data},
  howpublished = {\url{https://ourworldindata.org/covid-deaths}},
  note = {Retrieved May 29, 2025}
}

@misc{owid_covid_vaccinations_2020,
  author = {Ritchie, Hannah and Mathieu, Edouard and Rodés-Guirao, Lucas and Appel, Cameron and Giattino, Charlie and Ortiz-Ospina, Esteban and Hasell, Joe and Macdonald, Bobbie and Beltekian, Diana and Roser, Max},
  title = {COVID-19 vaccinations},
  year = {2020},
  publisher = {Our World in Data},
  howpublished = {\url{https://ourworldindata.org/covid-vaccinations}},
  note = {Retrieved May 29, 2025}
}
```